%% This BibTeX bibliography file was created using BibDesk.
%% https://bibdesk.sourceforge.io/

%% Created for Guillaume Acke at 2020-10-08 10:35:53 +0200 


%% Saved with string encoding Unicode (UTF-8) 

@ARTICLE{Fecteau:1, 
author={C.-E. {Fecteau} and H. {Fortin} and S. {Cloutier} and P. A. {Johnson}}, 
title={Reduced density matrices of Richardson-Gaudin states in the Gaudin algebra basis}, 
year={2020}, 
month={August},
journal = {Journal of Chemical Physics},
volume={153}, 
number={16}, 
pages={164117}, 
doi={10.1063/5.0027393} 
}

@ARTICLE{Fecteau:2, 
author={C.-E. {Fecteau} and S. {Cloutier} and J.-D. {Moisset} and J. {Boulay} and P. A. {Johnson}}, 
title={Near-exact treatment of seniority-zero ground and excited states with a Richardson-Gaudin mean-field}, 
year={2022}, 
month={May},
journal = {Journal of Chemical Physics},
volume={156}, 
number={19}, 
pages={194103}, 
doi={10.1063/5.0091338} 
}

@ARTICLE{Carrier:1, 
author={L. {Carrier} and C.-E. {Fecteau} and P. A. {Johnson}}, 
title={Bethe ansatz of electrons as a mean-field wavefunction for chemical systems}, 
year={2020}, 
month={April},
journal = {International Journal of Quantum Chemistry},
volume={120}, 
number={}, 
pages={e26255}, 
doi={10.1002/qua.26255} 
}
 
@ARTICLE{Faribault:1, 
author={A. {Faribault} and C. {Dimo} and J.-D. {Moisset} and P. A. {Johnson}}, 
title={Reduced density matrices / Static correlation functions of Richardson-Gaudin states without rapidities}, 
year={2022}, 
month={November},
journal = {Journal of Chemical Physics},
volume={157}, 
number={21}, 
pages={214104}, 
doi={10.1063/5.0123911} 
}

@ARTICLE{Bytautas:1, 
author={L. {Bytautas} and T. M. {Henderson} and C. A. {Jimenez-Hoyos} and J. K. {Ellis} and G. E. {Scuseria}}, 
title={Seniority and orbital symmetry as tools for establishing a full configuration interaction hierarchy}, 
year={2011}, 
month={July},
journal = {Journal of Chemical Physics},
volume={135}, 
number={4}, 
pages={044119}, 
doi={10.1063/1.3613706} 
}

@PHDTHESIS{Johnson:1, 
author={P. A. {Johnson}}, 
title={Model Wavefunction Forms to Describe Strong
Correlation in Quantum Chemistry}, 
year={2014}, 
month={June},
school={McMaster University},
pages={240}
}

@ARTICLE{Johnson:2, 
author={P. A. {Johnson} and C.-E. {Fecteau} and F. {Berthiaume} and S. {Cloutier} and L. {Carrier} and M. {Gratton} and P. {Bultinck} and S. {De Baerdemacker} and D. {Van Neck} and P. {Limacher} and P. W. {Ayers}}, 
title={Richardson-Gaudin mean-field for strong correlation in quantum chemistry}, 
year={2020}, 
month={September},
journal = {Journal of Chemical Physics},
volume={153}, 
number={10}, 
pages={104110}, 
doi={10.1063/5.0022189} 
}

@ARTICLE{Fecteau:3, 
author={C.-E. {Fecteau} and F. {Berthiaume} and M. {Khalfoun} and P. A. {Johnson}}, 
title={Richardson-Gaudin geminal wavefunctions in a Slater determinant basis}, 
year={2020}, 
month={November},
journal = {Journal of Mathematical Chemistry},
volume={59}, 
pages={289-301}, 
doi={10.1007/s10910-020-01197-0}
}

@ARTICLE{Yao:1,
author={Y. {Yao} and C. J. {Umrigar}},
title={Orbital Optimization in Selected Configuration Interaction Methods},
year={2021},
month={June},
journal={Journal of Chemical Theory and Computation},
volume={17},
number={7},
pages={4183â€“4194},
doi={10.1021/acs.jctc.1c00385}
}

@BOOK{Helgaker:1,
author={T. {Helgaker} and P. {Jorgensen} and J. {Olsen}},
editor={},
title={Molecular Electronic-Structure Theory},
publisher={John Wiley and Sons ltd},
year={2000},
pages={908}
}